% Encoding: UTF-8

@Book{knuth:84,
  author = 	 {Donald E. Knuth},
  title = 	 {The TeX Book},
  publisher = 	 {Addison-Wesley},
  year = 	 {1984},
  edition = 	 {15th}
}

@Book{teixeira:2013,
  author = 	 {Gustavo Teixeira},
  title = 	 {Manual dos Transtornos Escolares},
  publisher = 	 {BestSeller},
  year = 	 {2013},
  }

@Book{silva:2012,
  author = 	 {Ana Beatriz Barbosa Silva and Mayra Bonifacio Gaiato and Leandro Thadeu Reveles},
  title = 	 {Mundo Singular -- Entenda o autismo},
  publisher = 	 {Fontanar},
  year = 	 {2000},  
}

@Book{frith:1989,
  author = 	 {Uta Frith},
  title = 	 {Autism -- explaining the enigma},
  publisher = 	 {Oxford: Blackwell Publishing},
  year = 	 {1989},  
}

@Book{bosa:2000,
  author = 	 {Cleonice Bosa and Maria Callias},
  title = 	 {Autismo -- breve revisão de diferentes abordagens},
  year = 	 {1989},  
}

@InCollection{robins:2001,
  author = 	 {Diana L. Robins and Deborah Fein and Marianne L. Barton and James A. Green},
  title = 	 {The Modified Checklist for Autism in Toddlers -- An Initial Study Investigating the Early Detection of Autism and Pervasive Developmental Disorders},
  publisher =    {Journal of Autism and Developmental Disorders},
  year = 	 {2001}
}

@InCollection{schopler:1988,
  author = 	 {E. Schopler and R. Reichler and B. Renner},
  title = 	 {Childhood Autism Rating Scale (CARS)},
  publisher =    {Western Psychological Services},
  year = 	 {1988}
}

@Misc{pereira:2007,
  author = 	 {Alessandra Marques Pereira and Mario Bernardes Wagner and Rudimar dos Santos Riesgo},
  title = 	 {Autismo Infantil -- Tradução e Validação da CARS(Childhood Autism Rating Scale) para uso no Brasil},
  publisher =    {Universidade Federal do Rio Grande do Sul},
  year = 	 {2007}
}

@InCollection{nordin:1998,
  author = 	 {V. Nordin and C. Gillberg and A. Nyden},
  title = 	 {The Swedish version of the Childhood Autism Rating Scale in a clinical setting},
  year = 	 {1998}
}

@InCollection{marinho:2009,
  author = 	 {E. A. R. Marinho and  V. L. B. Merkle},
  title = 	 {Um Olhar sobre o Autismo e sua Especificação},
  publisher =    {IX Congresso Nacional de Educação - EDUCERE, III Encontro Sul Brasileiro de Psicopedagogia},
  year = 	 {2009}
}

@InCollection{cunha:2016,
  author = 	 {E. D. G. Cunha and F. C. B. G. Santana and G. N. S. Ribeiro and I. P. S. Oliveira and L. F. Silva},
  title = 	 {Diagnostico para Tratamento do Transtorno do Espectro Autista com Base em Logica Nebulosa},
  publisher =    {XI Congresso Norte e Nordeste de Pesquisa e Inovação},
  year = 	 {2016}
}

@InCollection{britto:2016,
  author = 	 {T. C. P. Britto and E. B. Pizzolato},
  title = 	 {GAIA: uma proposta de um guia de recomendações de acessibilidade de interfaces Web com foco em aspectos do Autismo},
  publisher =    {V Cngresso Brasileiro de Informática na Educação (CBIE 2016)},
  year = 	 {2016}
}

@InCollection{nascimento:2013,
  author = 	 {M. I. . Nascimento},
  title = 	 {Manual Diagnóstico e Estatístico de Transtornos Mentais -- DSM-5},
  publisher =    {Artmed},
  year = 	 {2013}
}


@InCollection{smith:99,
  author = 	 {A. Smith and B. Jones},
  title = 	 {On the Complexity of Computing},
  booktitle = 	 {Advances in Computer Science},
  pages = 	 {555--566},
  publisher =    {Publishing Press},
  year = 	 {1999},
  editor = 	 {A. B. Smith-Jones}
}


@InCollection{unesco:2007,
  author = 	 {P. O. INSTITUTE FOR STATISTICS UNESCO},
  title = 	 {Box 6128},
  publisher =    {Succursale Centre-Ville . The Uis Is Based In Montreal, Canada},
  year = 	 {2007}
}

@Misc{cnet-google-crowdsourcing,
  author        = {Stephen Shankland},
  title         = {New Crowdsource app lets you work for Google for free},
  howpublished  = {CNet},
  year          = {2016},
  date-added    = {2016-07-29 15:20:00 -0700},
  keywords      = {magazine},
  url           = {https://www.cnet.com/news/new-crowdsource-app-lets-you-work-for-google-for-free/},
  urlaccessdate = {24 jan. 2017},
}

@Article{crowdfunding-culture,
  author        = {Sara Bannerman},
  title         = {Crowdfunding Culture},
  journal       = {WI Journal of Mobile Media},
  year          = {2013},
  volume        = {7},
  number        = {1},
  date-added    = {2013-06-03 00:00:00 +0000},
  howpublished  = {WI Journal of Mobile Media},
  keywords      = {crowdfunding},
  timestamp     = {2017-01-24},
  url           = {http://wi.mobilities.ca/crowdfunding-culture/},
  urlaccessdate = {24 jan. 2017},
}

@Article{belleflamme2010,
  author        = {Paul Belleflamme and Thomas Lambert and Armin Schwienbacher},
  title         = {Crowdfunding: An Industrial Organization Perspective},
  journal       = {Digital Business Models: Understanding Strategies},
  year          = {2010},
  volume        = {1},
  number        = {1},
  timestamp     = {2017-01-24},
  url           = {http://economix.fr/pdf/workshops/2010_dbm/Belleflamme_al.pdf},
  urlaccessdate = {23 jan. 2017},
}

@Misc{wired-crowdsource,
  author        = {Jeff Howerts},
  title         = {The Rise of Crowdsourcing},
  howpublished  = {Wired},
  year          = {2006},
  date-added    = {2006-06-01 00:00:00 +0000},
  keywords      = {magazine},
  url           = {https://www.wired.com/2006/06/crowds/},
  urlaccessdate = {23 jan. 2017},
}

@Article{flannery2007kiva,
  author        = {Matt Flannery},
  title         = {Kiva and the birth of person-to-person microfinance},
  journal       = {Innovations},
  year          = {2007},
  volume        = {2},
  number        = {1-2},
  pages         = {31--56},
  publisher     = {MIT Press},
  timestamp     = {2017-01-24},
  url           = {http://www.mitpressjournals.org/doi/pdf/10.1162/itgg.2007.2.1-2.31},
  urlaccessdate = {24 jan. 2017},
}

@Article{freedman2015brief,
  author        = {Freedman, DM and Nutting, MR},
  title         = {A Brief History of Crowdfunding},
  journal       = {Donation, Debt, and Equity Platforms in the USA},
  year          = {2015},
  pages         = {1--10},
  timestamp     = {2017-01-24},
  url           = {http://www.freedman-chicago.com/ec4i/History-of-Crowdfunding.pdf},
  urlaccessdate = {24 jan. 2017},
}

@Article{gerber2012crowdfunding,
  author        = {Gerber, Elizabeth M and Hui, Julie S and Kuo, Pei-Yi},
  title         = {Crowdfunding: Why people are motivated to post and fund projects on crowdfunding platforms},
  booktitle     = {Proceedings of the International Workshop on Design, Influence, and Social Technologies: Techniques, Impacts and Ethics},
  year          = {2012},
  volume        = {2},
  pages         = {11},
  timestamp     = {2017-01-27},
  url           = {https://www.researchgate.net/publication/261359489},
  urlaccessdate = {25 jan. 2017},
}

@Article{fagundes2012repercussoes,
  author        = {Helenara Silveira Fagundes},
  title         = {As repercussões do voluntariado e da solidariedade nas políticas sociais no Brasil},
  journal       = {Sociedade em Debate},
  year          = {2012},
  volume        = {12},
  number        = {1},
  pages         = {87--102},
  timestamp     = {2017-01-25},
  url           = {http://revistas.ucpel.tche.br/index.php/rsd/article/view/438},
  urlaccessdate = {25 jan. 2017},
}

@Article{GOUVEIA2007,
  author        = {Flávia Gouveia},
  title         = {ONGs enfrentam desafios e ocupam espaço da ação pública},
  journal       = {Ciência e Cultura},
  year          = {2007},
  volume        = {59},
  pages         = {6 - 8},
  month         = {06},
  issn          = {0009-6725},
  language      = {pt},
  publisher     = {scielocec},
  timestamp     = {2017-01-25},
  url           = {http://cienciaecultura.bvs.br/scielo.php?script=sci_arttext&pid=S0009-67252007000200003&nrm=iso},
  urlaccessdate = {25 jan. 2017},
}

@Article{martin2007social,
  author        = {Roger L Martin and Sally Osberg},
  title         = {Social entrepreneurship: The case for definition},
  journal       = {Stanford social innovation review},
  year          = {2007},
  volume        = {5},
  number        = {2},
  pages         = {28--39},
  publisher     = {Routledge},
  timestamp     = {2017-01-25},
  url           = {http://www.ngobiz.org/picture/File/Social%20Enterpeuneur-The%20Case%20of%20Definition.pdf},
  urlaccessdate = {25 jan. 2017},
}

@Article{brabham2008crowdsourcing,
  author        = {Daren C Brabham},
  title         = {Crowdsourcing as a model for problem solving: An introduction and cases},
  journal       = {Convergence},
  year          = {2008},
  volume        = {14},
  number        = {1},
  pages         = {75--90},
  publisher     = {Sage publications Sage UK: London, England},
  timestamp     = {2017-01-27},
  url           = {http://journals.sagepub.com/doi/abs/10.1177/1354856507084420},
  urlaccessdate = {27 jan. 2017},
}

@Misc{wiki-longitude_rewards,
  author        = {Wikipedia},
  title         = {Longitude rewards},
  year          = {2017},
  timestamp     = {2017-01-27},
  url           = {https://en.wikipedia.org/wiki/Longitude_rewards},
  urlaccessdate = {27 jan. 2017},
}

@Book{hearn2002tracks,
  title         = {Tracks in the Sea: Matthew Fontaine Maury and the Mapping of the Oceans},
  publisher     = {International Marine/McGraw-Hill},
  year          = {2002},
  author        = {Hearn, C.G.},
  isbn          = {9780071368261},
  lccn          = {2002007004},
  url           = {https://books.google.com.br/books?id=XasPAQAAIAAJ},
  urlaccessdate = {27 jan. 2017},
}

@Article{smith2013motivation,
  author        = {Derek Smith and Mohammad Mehdi Gharaei Manesh and Asrar Alshaikh},
  title         = {How Can Entrepreneurs Motivate Crowdsourcing Participants?},
  journal       = {Technology Innovation Management Review},
  year          = {2013},
  volume        = {3},
  pages         = {23-30},
  month         = {02/2013},
  issn          = {1927-0321},
  abstract      = {Crowdsourcing is a way to access a global crowd of talented people and to channel their talent and creative effort towards some useful endeavour. Technology entrepreneurs who may have limited resources, especially during the start-up phase of the business, will be attracted to crowdsourcing as a means to access funding, knowledge, subject matter experts, and resources on a global scale. In this article, we review the published research on crowdsourcing as it relates to motivation, and distil the insights from that research that will be useful to technology entrepreneurs. First, we organize the published research into three streams according to crowd type: i) task-based public crowd, ii) information-exchange public crowd, and iii) employee-based crowd. Next, we identify the motivational drivers common to all streams as well as the motivational drivers that are unique to each stream. Finally, we offer five recommendations for technology entrepreneurs seeking to apply crowdsourcing.},
  address       = {Ottawa},
  keywords      = {crowdsourcing, entrepreneur, startup, technology entrepreneurship},
  publisher     = {Talent First Network},
  url           = {http://timreview.ca/article/657},
  urlaccessdate = {27 jan. 2017},
}

@Misc{estadao-casa,
  author        = {Juliana Diógenes},
  title         = {Casa para abrigar LGBTs expulsos pela família é inaugurada após 'vaquinha'},
  howpublished  = {Estadão},
  month         = jan,
  year          = {2017},
  date-added    = {2017-01-25 03:00:00 +0300},
  keywords      = {magazine},
  timestamp     = {2017-01-27},
  url           = {http://sao-paulo.estadao.com.br/noticias/geral,apos-vaquinha-casa-para-abrigar-lgbts-expulsos-pela-familia-e-inaugurada,70001640471},
  urlaccessdate = {26 jan. 2017},
}

@Misc{globo-financiamento,
  author        = {Marcelo Corr\^ea},
  title         = {Financiamento coletivo cresce no Brasil e pode ajudar a tirar ideias do papel},
  howpublished  = {O Globo},
  month         = jan,
  year          = {2015},
  date-added    = {2015-01-25 10:00:00 +0300},
  keywords      = {magazine},
  timestamp     = {2017-01-31},
  url           = {http://oglobo.globo.com/economia/financiamento-coletivo-cresce-no-brasil-pode-ajudar-tirar-ideias-do-papel-15113776},
  urlaccessdate = {27 jan. 2017},
}

@Misc{catarse-retrospectiva2016,
  author        = {Catarse},
  title         = {Retrospectiva 2016 do Catarse},
  howpublished  = {Catarse},
  month         = jan,
  year          = {2017},
  date-added    = {2017-01-01 00:00:00 +0000},
  keywords      = {magazine},
  timestamp     = {2017-01-27},
  url           = {http://ano.catarse.me/2016},
  urlaccessdate = {27 jan. 2017},
}

@Article{golan2015crowdfunding,
  author    = {M. López Gol\'an},
  title     = {Crowdfunding: A funding model that succeeds in times of revolt of the masses},
  booktitle = {2015 10th Iberian Conference on Information Systems and Technologies (CISTI)},
  year      = {2015},
  pages     = {1-6},
  month     = {June},
  doi       = {10.1109/CISTI.2015.7170586},
  issn      = {2166-0727},
  keywords  = {social networking (online);business project;crowdfunding;cultural product;digitization process;economic modification;hyperconnectivity;social cause;social networks;Collaboration;Communities;Economics;Internet;Market research;Silicon compounds;Social network services;collaboration;community;crowdfunding;social networking},
  timestamp = {2017-02-01},
}

@Article{belleflamme2014crowdfunding,
  author        = {Belleflamme, Paul and Lambert, Thomas and Schwienbacher, Armin},
  title         = {Crowdfunding: Tapping the right crowd},
  journal       = {Journal of business venturing},
  year          = {2014},
  volume        = {29},
  number        = {5},
  pages         = {585--609},
  doi           = {10.2139/ssrn.1836873},
  publisher     = {Elsevier},
  timestamp     = {2017-02-01},
  url           = {https://ssrn.com/abstract=1578175},
  urlaccessdate = {01 fev. 2017},
}

@Article{lehner2013crowdfunding,
  author        = {Lehner, Othmar M},
  title         = {Crowdfunding social ventures: a model and research agenda},
  journal       = {Venture Capital},
  year          = {2013},
  volume        = {15},
  number        = {4},
  pages         = {289--311},
  month         = {oct},
  doi           = {10.1080/13691066.2013.782624},
  publisher     = {Taylor \& Francis},
  timestamp     = {2017-02-01},
  url           = {https://ssrn.com/abstract=2102525},
  urlaccessdate = {01 fev. 2017},
}

@Article{kuster2008matchmaking,
  author        = {K\"{u}ster, Ulrich and K\"{o}nig-Ries, Birgitta},
  title         = {Evaluating Semantic Web Service Matchmaking Effectiveness Based on Graded Relevance},
  booktitle     = {Proceedings of the Second International Conference on Service Matchmaking and Resource Retrieval in the Semantic Web - Volume 416},
  year          = {2008},
  series        = {SMRR'08},
  pages         = {32--46},
  address       = {Aachen, Germany, Germany},
  publisher     = {CEUR-WS.org},
  acmid         = {2889949},
  location      = {Karlsruhe, Germany},
  numpages      = {15},
  url           = {http://dl.acm.org/citation.cfm?id=2889945.2889949},
  urlaccessdate = {02 fev. 2017},
}

@Book{sommerville2003engenharia,
  title     = {Engenharia de software},
  publisher = {Addison Wesley S{\~a}o Paulo},
  year      = {2003},
  author    = {Sommerville, Ian and Melnikoff, Selma Shin Shimizu and Arakaki, Reginaldo and de Andrade Barbosa, Edilson},
  volume    = {6},
}

@Article{booth2004webservices,
  author        = {David Booth and Hugo Haas and Francis McCabe and Eric Newcomer and Michael Champion and Chris Ferris and David Orchard},
  title         = {Web services architecture},
  year          = {2004},
  timestamp     = {2017-02-09},
  url           = {https://www.w3.org/TR/2003/WD-webarch-20031209/},
  urlaccessdate = {09 fev. 2017},
}

@Book{gamma1995design,
  title     = {Design patterns: elements of reusable object-oriented software},
  publisher = {Pearson Education India},
  year      = {1995},
  author    = {Gamma, Erich and Vlissides, John and Helm, Richard and Johnson, Ralph},
}

@Misc{wiki:Bcrypt,
  author        = {Wikipedia},
  title         = {{Bcrypt} --- {W}ikipedia{,} The Free Encyclopedia},
  year          = {2017},
  timestamp     = {2017-02-17},
  url           = {http://en.wikipedia.org/w/index.php?title=Bcrypt&oldid=760862949},
  urlaccessdate = {09 fev. 2017},
}

@Article{gupta2000event,
  author       = {Gupta, Suchitra and Hartkopf, Jeffrey M and Ramaswamy, Suresh},
  title        = {Event notifier: a pattern for event notification},
  booktitle    = {More Java gems},
  year         = {2000},
  pages        = {131--153},
  organization = {Cambridge University Press},
}

@Misc{wiki:ReCAPTCHA,
  author        = {Wikipedia},
  title         = {{ReCAPTCHA} --- {W}ikip\'edia{,} a enciclop\'edia livre},
  year          = {2017},
  timestamp     = {2017-02-17},
  url           = {https://pt.wikipedia.org/w/index.php?title=ReCAPTCHA&oldid=46375514},
  urlaccessdate = {09 fev. 2017},
}

@Misc{wiki:CallToAction,
  author        = {Wikipedia},
  title         = {{Call to action (marketing)} --- {W}ikipedia{,} the free encyclopedia},
  year          = {2017},
  timestamp     = {2017-05-10},
  url           = {https://en.wikipedia.org/w/index.php?title=Call_to_action_(marketing)&oldid=775874414},
  urlaccessdate = {10 mai. 2017},
}

@Misc{blog:bocoup,
  author        = {Irene Ros},
  title         = {REST API Documentation Best Practices},
  year          = {2012},
  timestamp     = {2017-02-17},
  url           = {https://bocoup.com/blog/documenting-your-api},
  urlaccessdate = {09 mar. 2017},
}

@Article{modeloGestaoONG,
  author        = {Higor Correa Gimenes and Hamilton Pozo},
  title         = {Modelo de Gestão Estratégica em uma ONG de Pequeno Porte como Fator de Sobrevivência: O caso da Hospitalhaços},
  journal       = {Revista Ciências Sociais em Perspectiva},
  year          = {2012},
  volume        = {11},
  issn          = {1981-4747},
  timestamp     = {2017-05-09},
  url           = {http://e-revista.unioeste.br/index.php/ccsaemperspectiva/article/view/7305},
  urlaccessdate = {09 mai. 2017},
}

@Comment{jabref-meta: databaseType:bibtex;}
