% Encoding: UTF-8

@Book{knuth:84,
  author = 	 {Donald E. Knuth},
  title = 	 {The TeX Book},
  publisher = 	 {Addison-Wesley},
  year = 	 {1984},
  edition = 	 {15th}
}

@Book{teixeira:2013,
  author = 	 {Gustavo Teixeira},
  title = 	 {Manual dos Transtornos Escolares},
  publisher = 	 {BestSeller},
  year = 	 {2013},
  }

@Book{silva:2012,
  author = 	 {Ana Beatriz Barbosa Silva and Mayra Bonifacio Gaiato and Leandro Thadeu Reveles},
  title = 	 {Mundo Singular -- Entenda o autismo},
  publisher = 	 {Fontanar},
  year = 	 {2000},  
}

@Book{frith:1989,
  author = 	 {Uta Frith},
  title = 	 {Autism -- explaining the enigma},
  publisher = 	 {Oxford: Blackwell Publishing},
  year = 	 {1989},  
}

@Book{bosa:2000,
  author = 	 {Cleonice Bosa and Maria Callias},
  title = 	 {Autismo -- breve revisão de diferentes abordagens},
  year = 	 {1989},
}

@Book{pressman:2016,
  author = 	 {Roger S. Pressman and Bruce R. Maxim},
  title = 	 {Engenharia de Software: uma abordagem profissional},
  publisher = 	 {McGraw-Hill},
  year = 	 {2016},
  edition = 	 {8}
}

@InCollection{robins:2001,
  author = 	 {Diana L. Robins and Deborah Fein and Marianne L. Barton and James A. Green},
  title = 	 {The Modified Checklist for Autism in Toddlers -- An Initial Study Investigating the Early Detection of Autism and Pervasive Developmental Disorders},
  publisher =    {Journal of Autism and Developmental Disorders},
  year = 	 {2001}
}

@InCollection{schopler:1988,
  author = 	 {E. Schopler and R. Reichler and B. Renner},
  title = 	 {Childhood Autism Rating Scale (CARS)},
  publisher =    {Western Psychological Services},
  year = 	 {1988}
}

@InCollection{pereira:2007,
  author = 	 {Alessandra Marques Pereira and Mario Bernardes Wagner and Rudimar dos Santos Riesgo},
  title = 	 {Autismo Infantil - Tradução e Validação da CARS(Childhood Autism Rating Scale) para uso no Brasil},
  publisher =    {Universidade Federal do Rio Grande do Sul},
  year = 	 {2007}
}

@InCollection{nordin:1998,
  author = 	 {V. Nordin and C. Gillberg and A. Nyden},
  title = 	 {The Swedish version of the Childhood Autism Rating Scale in a clinical setting},
  year = 	 {1998}
}

@InCollection{marinho:2009,
  author = 	 {E. A. R. Marinho and  V. L. B. Merkle},
  title = 	 {Um Olhar sobre o Autismo e sua Especificação},
  publisher =    {IX Congresso Nacional de Educação - EDUCERE, III Encontro Sul Brasileiro de Psicopedagogia},
  year = 	 {2009}
}

@InCollection{cunha:2016,
  author = 	 {E. D. G. Cunha and F. C. B. G. Santana and G. N. S. Ribeiro and I. P. S. Oliveira and L. F. Silva},
  title = 	 {Diagnostico para Tratamento do Transtorno do Espectro Autista com Base em Logica Nebulosa},
  publisher =    {XI Congresso Norte e Nordeste de Pesquisa e Inovação},
  year = 	 {2016}
}

@InCollection{britto:2016,
  author = 	 {T. C. P. Britto and E. B. Pizzolato},
  title = 	 {GAIA: uma proposta de um guia de recomendações de acessibilidade de interfaces Web com foco em aspectos do Autismo},
  publisher =    {V Cngresso Brasileiro de Informática na Educação (CBIE 2016)},
  year = 	 {2016}
}

@InCollection{nascimento:2013,
  author = 	 {M. I. . Nascimento},
  title = 	 {Manual Diagnóstico e Estatístico de Transtornos Mentais -- DSM-5},
  publisher =    {Artmed},
  year = 	 {2013}
}

@InCollection{smith:99,
  author = 	 {A. Smith and B. Jones},
  title = 	 {On the Complexity of Computing},
  booktitle = 	 {Advances in Computer Science},
  pages = 	 {555--566},
  publisher =    {Publishing Press},
  year = 	 {1999},
  editor = 	 {A. B. Smith-Jones}
}

@InCollection{unesco:2007,
  author = 	 {P. O. INSTITUTE FOR STATISTICS UNESCO},
  title = 	 {Box 6128},
  publisher =    {Succursale Centre-Ville . The Uis Is Based In Montreal, Canada},
  year = 	 {2007}
}

@Misc{kidshealth:2016,
  title = 	 {Autism},
  year = 	 {2016},
  timestamp = 	 {2017-08-02},
  url = 	 {http://kidshealth.org/en/kids/autism.html},
  urlacessdate = 	 {02 Ago. 2017}
}

@Misc{bhave:2017,
  title = 	 {bHave ABA},
  year = 	 {2017},
  timestamp = 	 {2017-08-02},
  url = 	 {http://bhave.life/},
  urlacessdate = 	 {02 Ago. 2017}
}

@Misc{cangame:2017,
  title = 	 {Cangame},
  year = 	 {2017},
  timestamp = 	 {2017-08-02},
  url = 	 {http://cangame.lifeupbrasil.com.br/},
  urlacessdate = 	 {02 Ago. 2017}
}

@InCollection{stella:1999,
  author = 	 {J. Stella and P. Mundy and R. Tuchman},
  title = 	 {Social and Nonsocial Factor in the Childhood Autism Rating Scale},
  pages = 	 {307--317},
  publisher =    {Journal of Autism and Development Disorders},
  year = 	 {1999}
}

@InCollection{ferreira:2014,
  author = 	 {Elizângela Fernandes Ferreira and Mey de Abreu Van Munster},
  title = 	 {Métodos de avaliação do comportamento adaptativo em pessoas com deficiência intelectual: uma revisão de literatura},
  pages = 	 {193--208},
  publisher =    {Revista Educação Especial},
  year = 	 {2015}
}

@article{alcantara:2004,
  author={Igor Dias de Oliveira Alcântara},
  title={Tradução, adaptação e aplicação do PDQ-4 (Personality Diagnostic Questionnaire 4) para uma amostra de pacientes internados e ambulatoriais},
  year={2004}
}

@article{losapio:2008,
  title={Tradução para o português da escala M-CHAT para rastreamento precoce de autismo},
  author={Mirella Fiuza Losapio and Milena Pereira Pondé},
  journal={Rev Psiquiatr Rio Gd Sul},
  volume={30},
  number={3},
  pages={221--229},
  year={2008},
  publisher={SciELO Brasil}
}
